<?xml version="1.0" encoding="UTF-8"?><collection xmlns="http://www.loc.gov/MARC21/slim"><record><leader>00692nam--2200217-u-4500</leader><controlfield tag="001">000052616</controlfield><controlfield tag="002">20161230</controlfield><controlfield tag="005">20161230201050</controlfield><controlfield tag="008">100924s1000------------r-----000-0-eng-d</controlfield><datafield ind1=" " ind2=" " tag="020"><subfield code="a">3540327940</subfield></datafield><datafield ind1=" " ind2=" " tag="040"><subfield code="a">IFIN-HH</subfield></datafield><datafield ind1=" " ind2=" " tag="080"><subfield code="a">621.391</subfield></datafield><datafield ind1="1" ind2=" " tag="100"><subfield code="a">Antsaklis, Panos J</subfield></datafield><datafield ind1="1" ind2="0" tag="245"><subfield code="a">Networked Embedded Sensing and Control</subfield><subfield code="b">Workshop NESC'05: University of Notre Dame, USA October 2005 Proceedings</subfield><subfield code="c">Panos J. Antsakis, Paulo Tabuada (Eds.)</subfield></datafield><datafield ind1=" " ind2=" " tag="260"><subfield code="a">Berlin</subfield><subfield code="b">Springer</subfield><subfield code="c">2006</subfield></datafield><datafield ind1=" " ind2=" " tag="300"><subfield code="a">367 p</subfield></datafield><datafield ind1=" " ind2=" " tag="490"><subfield code="a">Lectures Notes in Control and Information Sciences</subfield><subfield code="v">vol. 331</subfield></datafield><datafield ind1=" " ind2="4" tag="650"><subfield code="a">Networks</subfield></datafield><datafield ind1="1" ind2=" " tag="700"><subfield code="a">Tabuada, Paulo</subfield></datafield><datafield ind1=" " ind2=" " tag="852"><subfield code="a">82295</subfield><subfield code="c">621.391</subfield></datafield><datafield ind1=" " ind2=" " tag="CAT"><subfield code="a">Sys</subfield><subfield code="c">20100924</subfield><subfield code="h">092010</subfield></datafield></record></collection>